@Book{CoPL,
	ALTauthor = {W. Sebesta, Robert},
	title = {Concepts of Programming Language, $9^{th}$ edition},
	publisher = {Pearson},
	year = {2010}
}
@Book{CaC,
	ALTauthor = {Fisher et al.},
	title = {Crafting a Compiler},
	publisher = {Pearson},
	year = {2010}
}
